@article{lonea2013detecting,
  title={Detecting DDoS attacks in cloud computing environment},
  author={Lonea, Alina Madalina and Popescu, Daniela Elena and Tianfield, Huanglory},
  journal={International Journal of Computers Communications \& Control},
  volume={8},
  number={1},
  pages={70--78},
  year={2013}
}

@inproceedings{gupta2013vm,
  title={Vm profile based optimized network attack pattern detection scheme for ddos attacks in cloud},
  author={Gupta, Sanchika and Kumar, Padam},
  booktitle={International Symposium on Security in Computing and Communication},
  pages={255--261},
  year={2013},
  organization={Springer}
}
@inproceedings{masood2013edos,
  title={Edos armor: a cost effective economic denial of sustainability attack mitigation framework for e-commerce applications in cloud environments},
  author={Masood, Muddassar and Anwar, Zahid and Raza, Syed Ali and Hur, Muhammad Ali},
  booktitle={Multi Topic Conference (INMIC), 2013 16th International},
  pages={37--42},
  year={2013},
  organization={IEEE}
}

@inproceedings{kwon2011self,
  title={Self-similarity based lightweight intrusion detection method for cloud computing},
  author={Kwon, Hyukmin and Kim, Taesu and Yu, Song Jin and Kim, Huy Kang},
  booktitle={Asian Conference on Intelligent Information and Database Systems},
  pages={353--362},
  year={2011},
  organization={Springer}
}
@article{palmieri2014distributed,
  title={A distributed approach to network anomaly detection based on independent component analysis},
  author={Palmieri, Francesco and Fiore, Ugo and Castiglione, Aniello},
  journal={Concurrency and Computation: Practice and Experience},
  volume={26},
  number={5},
  pages={1113--1129},
  year={2014},
  publisher={Wiley Online Library}
}
@article{choi2014method,
  title={A method of DDoS attack detection using HTTP packet pattern and rule engine in cloud computing environment},
  author={Choi, Junho and Choi, Chang and Ko, Byeongkyu and Kim, Pankoo},
  journal={Soft Computing},
  volume={18},
  number={9},
  pages={1697--1703},
  year={2014},
  publisher={Springer}
}
@article{jeyanthi2014virtual,
  title={A virtual firewall mechanism using army nodes to protect cloud infrastructure from ddos attacks},
  author={Jeyanthi, N and Mogankumar, PC},
  journal={Cybernetics and Information Technologies},
  volume={14},
  number={3},
  pages={71--85},
  year={2014}
}
@article{jeyanthi2013escape,
  title={Escape-on-sight: an efficient and scalable mechanism for escaping DDoS attacks in cloud computing environment},
  author={Jeyanthi, N and Iyengar, NCSN},
  journal={Cybernetics and Information Technologies},
  volume={13},
  number={1},
  pages={46--60},
  year={2013}
}
@inproceedings{chonka2012detecting,
  title={Detecting and Mitigating HX-DoS Attacks against Cloud Web Services.},
  author={Chonka, Ashley and Abawajy, Jemal},
  booktitle={NBiS},
  pages={429--434},
  year={2012}
}
@article{chonka2011cloud,
  title={Cloud security defence to protect cloud computing against HTTP-DoS and XML-DoS attacks},
  author={Chonka, Ashley and Xiang, Yang and Zhou, Wanlei and Bonti, Alessio},
  journal={Journal of Network and Computer Applications},
  volume={34},
  number={4},
  pages={1097--1107},
  year={2011},
  publisher={Elsevier}
}
@article{wahab2014dempster,
  title={A Dempster--Shafer Based Tit-for-Tat Strategy to Regulate the Cooperation in VANET Using QoS-OLSR Protocol},
  author={Wahab, Omar Abdel and Otrok, Hadi and Mourad, Azzam},
  journal={Wireless Personal Communications},
  volume={75},
  number={3},
  pages={1635--1667},
  year={2014},
  publisher={Springer}
}
@article{iyengar2014multilevel,
  title={A multilevel thrust filtration defending mechanism against DDoS attacks in cloud computing environment},
  author={Iyengar, N Ch Sriman Narayana and Ganapathy, Gopinath and Mogan Kumar, PC and Abraham, Ajith},
  journal={International Journal of Grid and Utility Computing},
  volume={5},
  number={4},
  pages={236--248},
  year={2014},
  publisher={Inderscience Publishers Ltd}
}
@inproceedings{desnoyers2006lttng,
  title={The LTTng tracer: A low impact performance and behavior monitor for GNU/Linux},
  author={Desnoyers, Mathieu and Dagenais, Michel R},
  booktitle={OLS (Ottawa Linux Symposium)},
  volume={2006},
  pages={209--224},
  year={2006},
  organization={Citeseer}
}
@article{ezzati2013framework,
  title={A framework to compute statistics of system parameters from very large trace files},
  author={Ezzati-Jivan, Naser and Dagenais, Michel R},
  journal={ACM SIGOPS Operating Systems Review},
  volume={47},
  number={1},
  pages={43--54},
  year={2013},
  publisher={ACM}
}
@article{ezzati2012stateful,
  title={A stateful approach to generate synthetic events from kernel traces},
  author={Ezzati-Jivan, Naser and Dagenais, Michel R},
  journal={Advances in Software Engineering},
  volume={2012},
  pages={6},
  year={2012},
  publisher={Hindawi Publishing Corp.}
}
@inproceedings{heller2003one,
  title={One class support vector machines for detecting anomalous windows registry accesses},
  author={Heller, Katherine A and Svore, Krysta M and Keromytis, Angelos D and Stolfo, Salvatore J},
  booktitle={Proc. of the workshop on Data Mining for Computer Security},
  volume={9},
  year={2003}
}
@inproceedings{hu2003robust,
  title={Robust Support Vector Machines for Anomaly Detection in Computer Security.},
  author={Hu, Wenjie and Liao, Yihua and Vemuri, V Rao},
  booktitle={ICMLA},
  pages={168--174},
  year={2003}
}


@article{konar2005supervised,
  title={Supervised learning on a fuzzy Petri net},
  author={Konar, Amit and Chakraborty, Uday K and Wang, Paul P},
  journal={Information Sciences},
  volume={172},
  number={3},
  pages={397--416},
  year={2005},
  publisher={Elsevier}
}

@article{shon2007hybrid,
  title={A hybrid machine learning approach to network anomaly detection},
  author={Shon, Taeshik and Moon, Jongsub},
  journal={Information Sciences},
  volume={177},
  number={18},
  pages={3799--3821},
  year={2007},
  publisher={Elsevier}
}

@article{wahab2016ceap,
  title={CEAP: SVM-based intelligent detection model for clustered vehicular ad hoc networks},
  author={Wahab, Omar Abdel and Mourad, Azzam and Otrok, Hadi and Bentahar, Jamal},
  journal={Expert Systems with Applications},
  volume={50},
  pages={40--54},
  year={2016},
  publisher={Elsevier}
}

@inproceedings{wahab2015misbehavior,
  title={Misbehavior Detection Framework for Community-based Cloud Computing},
  author={Wahab, Omar Abdel and Bentahar, Jamal and Otrok, Hadi and Mourad, Azzam},
  booktitle={Future Internet of Things and Cloud (FiCloud), 2015 3rd International Conference on},
  pages={181--188},
  year={2015},
  organization={IEEE}
}

@manual{Hick:2007,
  title  = "The CAIDA DDoS Attack 2007 Dataset ",
  author = " K. C. P. Hick, E. Aben and J. Polterock",
  note   = "\url{ http://www.caida.org/data/passive/ddos-20070804_dataset.xml }",
  year   = "2007 (accessed July 10, 2016)"
}

@manual{Arlitt:1998,
  title  = "1998 World Cup Web Site Access Logs ",
  author = " M. Arlitt and T. Jin",
  note   = "\url{ http://www.acm.org/sigcomm/ITA/}",
  year   = "1998 (accessed July 10, 2016)"
}

@manual{Wong:2016,
  title  = "Salesforce Pushed Silicon Valley into the Cloud",
  author = " Q. Wong",
  note   = "\url{ http://www.newsfactor.com}",
  year   = "1998 (accessed July 11, 2016)"
}
@article{tsai2012threat,
  title={Threat as a Service?: Virtualization's Impact on Cloud Security},
  author={Tsai, Hsin-Yi and Siebenhaar, Melanie and Miede, Andre and Huang, Yulun and Steinmetz, Ralf},
  journal={IT Professional Magazine},
  volume={14},
  number={1},
  pages={32},
  year={2012},
  publisher={IEEE Computer Society}
}

@article{modi2013survey,
  title={A survey of intrusion detection techniques in cloud},
  author={Modi, Chirag and Patel, Dhiren and Borisaniya, Bhavesh and Patel, Hiren and Patel, Avi and Rajarajan, Muttukrishnan},
  journal={Journal of Network and Computer Applications},
  volume={36},
  number={1},
  pages={42--57},
  year={2013},
  publisher={Elsevier}
}

@inproceedings{shea2012understanding,
  title={Understanding the impact of denial of service attacks on virtual machines},
  author={Shea, Ryan and Liu, Jiangchuan},
  booktitle={Proceedings of the 2012 IEEE 20th International Workshop on Quality of Service},
  pages={27},
  year={2012},
  organization={IEEE Press}
}

@article{somani2015ddos,
  title={DDoS Attacks in Cloud Computing: Issues, Taxonomy, and Future Directions},
  author={Somani, Gaurav and Gaur, Manoj Singh and Sanghi, Dheeraj and Conti, Mauro and Buyya, Rajkumar},
  journal={arXiv preprint arXiv:1512.08187},
  year={2015}
}kk



@book{scholkopf2002learning,
  title={Learning with kernels: support vector machines, regularization, optimization, and beyond},
  author={Sch{\"o}lkopf, Bernhard and Smola, Alexander J},
  year={2002},
  publisher={MIT press}
}
@book{han2011data,
  title={Data mining: concepts and techniques},
  author={Han, Jiawei and Pei, Jian and Kamber, Micheline},
  year={2011},
  publisher={Elsevier}
}
@manual{Markus:2015,
  title  = "BoNeSi - the DDoS Botnet Simulator",
  author = " Markus-Go",
  note   = "\url{https://github.com/Markus-Go/bonesi}",
  year   = "2015 (accessed July 6, 2016)"
}
@inproceedings{zhao2003predicting,
  title={Predicting the Upper Bound of Web Traffic Volume Using a Multiple Time Scale Approach.},
  author={Zhao, Weibin and Schulzrinne, Henning},
  booktitle={WWW (Posters)},
  year={2003},
  organization={Citeseer}
}
@inproceedings{koduru2013detection,
  title={Detection of economic denial of sustainability using time spent on a web page in cloud},
  author={Koduru, Anusha and Neelakantam, TulasiRam and others},
  booktitle={Cloud Computing in Emerging Markets (CCEM), 2013 IEEE International Conference on},
  pages={1--4},
  year={2013},
  organization={IEEE}
}

@article{bhatia2014framework,
  title={A framework for generating realistic traffic for Distributed Denial-of-Service attacks and Flash Events},
  author={Bhatia, Sajal and Schmidt, Desmond and Mohay, George and Tickle, Alan},
  journal={Computers \& Security},
  volume={40},
  pages={95--107},
  year={2014},
  publisher={Elsevier}
}

@inproceedings{wood2008profiling,
  title={Profiling and modeling resource usage of virtualized applications},
  author={Wood, Timothy and Cherkasova, Ludmila and Ozonat, Kivanc and Shenoy, Prashant},
  booktitle={Proceedings of the 9th ACM/IFIP/USENIX International Conference on Middleware},
  pages={366--387},
  year={2008},
  organization={Springer-Verlag New York, Inc.}
}
@article{islam2012empirical,
  title={Empirical prediction models for adaptive resource provisioning in the cloud},
  author={Islam, Sadeka and Keung, Jacky and Lee, Kevin and Liu, Anna},
  journal={Future Generation Computer Systems},
  volume={28},
  number={1},
  pages={155--162},
  year={2012},
  publisher={Elsevier}
}
@article{xiao2013dynamic,
  title={Dynamic resource allocation using virtual machines for cloud computing environment},
  author={Xiao, Zhen and Song, Weijia and Chen, Qi},
  journal={IEEE Transactions on parallel and distributed systems},
  volume={24},
  number={6},
  pages={1107--1117},
  year={2013},
  publisher={IEEE}
}
@manual{lttng:2016,
  title  = "LTTng analyses",
  author = "",
  note   = "\url{https://github.com/lttng/lttng-analyses}",
  year   = "2016 (accessed July 6, 2016)"
}

@manual{cgroups:2016,
  title  = "Managing system resources on Red Hat Enterprise Linux 6",
  author = {O. Peter, M. Eva, P. Martin, L. Rüdiger, S. Douglas},
  note   = "\url{https://access.redhat.com/documentation/en-US/Red_Hat_Enterprise_Linux/6/html-single/Resource_Management_Guide/}",
  year   = "2016 (accessed July 6, 2016)"
}

@manual{libvirt:2016,
  title  = "Control Groups Resource Management",
  author = "",
  note   = "\url{https://libvirt.org/cgroups.html}",
  year   = "2016 (accessed July 6, 2016)"
}
@article{maji2013efficient,
  title={Efficient classification for additive kernel SVMs},
  author={Maji, Subhransu and Berg, Alexander C and Malik, Jitendra},
  journal={IEEE transactions on pattern analysis and machine intelligence},
  volume={35},
  number={1},
  pages={66--77},
  year={2013},
  publisher={IEEE}
}

@book{bognar2012indefinite,
  title={Indefinite inner product spaces},
  author={Bogn{\'a}r, J{\'a}nos},
  volume={78},
  year={2012},
  publisher={Springer Science \& Business Media}
}

@article{tsang2005core,
  title={Core vector machines: Fast SVM training on very large data sets},
  author={Tsang, Ivor W and Kwok, James T and Cheung, Pak-Ming},
  journal={Journal of Machine Learning Research},
  volume={6},
  number={Apr},
  pages={363--392},
  year={2005}
}

@article{fine2001efficient,
  title={Efficient SVM training using low-rank kernel representations},
  author={Fine, Shai and Scheinberg, Katya},
  journal={Journal of Machine Learning Research},
  volume={2},
  number={Dec},
  pages={243--264},
  year={2001}
}

@article{dong2005fast,
  title={Fast SVM training algorithm with decomposition on very large data sets},
  author={Dong, Jian-xiong and Krzyzak, Adam and Suen, Ching Y},
  journal={IEEE transactions on pattern analysis and machine intelligence},
  volume={27},
  number={4},
  pages={603--618},
  year={2005},
  publisher={IEEE}
}
@article{auria2008support,
  title={Support vector machines (SVM) as a technique for solvency analysis},
  author={Auria, Laura and Moro, Rouslan A},
  year={2008},
  publisher={DIW Berlin Discussion Paper}
}

@manual{KVM:2016,
  title  = "Kernel Virtual Machine",
  author = "",
  note   = "\url{http://www.linux-kvm.org/page/Main_Page}",
  year   = "2016 (accessed July 6, 2016)"
}
@incollection{dobra2009decision,
  title={Decision Tree Classification},
  author={Dobra, Alin},
  booktitle={Encyclopedia of Database Systems},
  pages={765--769},
  year={2009},
  publisher={Springer}
}

@inproceedings{kandula2005botz,
  title={Botz-4-sale: Surviving organized DDoS attacks that mimic flash crowds},
  author={Kandula, Srikanth and Katabi, Dina and Jacob, Matthias and Berger, Arthur},
  booktitle={Proceedings of the 2nd conference on Symposium on Networked Systems Design \& Implementation-Volume 2},
  pages={287--300},
  year={2005},
  organization={USENIX Association}
}
@article{gonzales2015cloud,
  title={Cloud-trust-a security assessment model for infrastructure as a service (IaaS) clouds},
  author={Gonzales, Daniel and Kaplan, Jeremy and Saltzman, Evan and Winkelman, Zev and Woods, Dulani},
  year={2015},
  publisher={IEEE Transactions on Cloud Computing}
}
