@inproceedings{man2012collaborative,
  title={A collaborative intrusion detection system framework for cloud computing},
  author={Man, Nguyen Doan and Huh, Eui-Nam},
  booktitle={Proceedings of the International Conference on IT Convergence and Security 2011},
  pages={91--109},
  year={2012},
  organization={Springer}
}
@article{singh2016collaborative,
  title={Collaborative ids framework for cloud},
  author={Singh, Dinesh and Patel, Dhiren and Borisaniya, Bhavesh and Modi, Chirag},
  journal={International Journal of Network Security},
  volume={18},
  number={4},
  pages={699--709},
  year={2016},
  publisher={Femto Technique}
}
@inproceedings{ghribi2016distributed,
  title={Distributed and cooperative intrusion detection in cloud networks},
  author={Ghribi, Saadia},
  booktitle={Proceedings of the Doctoral Symposium of the 17th International Middleware Conference},
  pages={7},
  year={2016},
  organization={ACM}
}
@article{chiba2016cooperative,
  title={A Cooperative and Hybrid Network Intrusion Detection Framework in Cloud Computing Based on Snort and Optimized Back Propagation Neural Network},
  author={Chiba, Z and Abghour, N and Moussaid, K and Rida, M and others},
  journal={Procedia Computer Science},
  volume={83},
  pages={1200--1206},
  year={2016},
  publisher={Elsevier}
}
@inproceedings{al2015cl,
  title={cl-cidps: A cloud computing based cooperative intrusion detection and prevention system framework},
  author={Al-Mousa, Zahraa and Nasir, Qassim},
  booktitle={International Conference on Future Network Systems and Security},
  pages={181--194},
  year={2015},
  organization={Springer}
}
@inproceedings{al2015cl,
  title={cl-cidps: A cloud computing based cooperative intrusion detection and prevention system framework},
  author={Al-Mousa, Zahraa and Nasir, Qassim},
  booktitle={International Conference on Future Network Systems and Security},
  pages={181--194},
  year={2015},
  organization={Springer}
}

@inproceedings{kholidy2012cids,
  title={CIDS: A framework for intrusion detection in cloud systems},
  author={Kholidy, Hisham A and Baiardi, Fabrizio},
  booktitle={Information Technology: New Generations (ITNG), 2012 Ninth International Conference on},
  pages={379--385},
  year={2012},
  organization={IEEE}
}

@inproceedings{lo2010cooperative,
  title={A cooperative intrusion detection system framework for cloud computing networks},
  author={Lo, Chi-Chun and Huang, Chun-Chieh and Ku, Joy},
  booktitle={Parallel processing workshops (ICPPW), 2010 39th international conference on},
  pages={280--284},
  year={2010},
  organization={IEEE}
}

@inproceedings{locasto2005towards,
  title={Towards collaborative security and p2p intrusion detection},
  author={Locasto, Michael E and Parekh, Janak J and Keromytis, Angelos D and Stolfo, Salvatore J},
  booktitle={Information Assurance Workshop, 2005. IAW'05. Proceedings from the Sixth Annual IEEE SMC},
  pages={333--339},
  year={2005},
  organization={IEEE}
}

@inproceedings{locasto2005towards,
  title={Towards collaborative security and p2p intrusion detection},
  author={Locasto, Michael E and Parekh, Janak J and Keromytis, Angelos D and Stolfo, Salvatore J},
  booktitle={Information Assurance Workshop, 2005. IAW'05. Proceedings from the Sixth Annual IEEE SMC},
  pages={333--339},
  year={2005},
  organization={IEEE}
}

@inproceedings{locasto2005towards,
  title={Towards collaborative security and p2p intrusion detection},
  author={Locasto, Michael E and Parekh, Janak J and Keromytis, Angelos D and Stolfo, Salvatore J},
  booktitle={Information Assurance Workshop, 2005. IAW'05. Proceedings from the Sixth Annual IEEE SMC},
  pages={333--339},
  year={2005},
  organization={IEEE}
}

@inproceedings{cordero2015community,
  title={Community-Based Collaborative Intrusion Detection.},
  author={Cordero, Carlos Garcia and Vasilomanolakis, Emmanouil and M{\"u}hlh{\"a}user, Max and Fischer, Mathias},
  booktitle={SecureComm},
  pages={665--681},
  year={2015}
}
@inproceedings{yegneswaran2004global,
  title={Global Intrusion Detection in the DOMINO Overlay System.},
  author={Yegneswaran, Vinod and Barford, Paul and Jha, Somesh},
  booktitle={NDSS},
  year={2004}
}

@article{cai2005collaborative,
  title={Collaborative internet worm containment},
  author={Cai, Min and Hwang, Kai and Kwok, Yu-Kwong and Song, Shanshan and Chen, Yu},
  journal={IEEE Security \& Privacy},
  volume={3},
  number={3},
  pages={25--33},
  year={2005},
  publisher={IEEE}
}
@article{liu2015collaborative,
  title={A collaborative intrusion detection mechanism against false data injection attack in advanced metering infrastructure},
  author={Liu, Xiaoxue and Zhu, Peidong and Zhang, Yan and Chen, Kan},
  journal={IEEE Transactions on Smart Grid},
  volume={6},
  number={5},
  pages={2435--2443},
  year={2015},
  publisher={IEEE}
}
@article{patel2017nifty,
  title={A nifty collaborative intrusion detection and prevention architecture for Smart Grid ecosystems},
  author={Patel, Ahmed and Alhussian, Hitham and Pedersen, Jens Myrup and Bounabat, Bouchaib and J{\'u}nior, Joaquim Celestino and Katsikas, Sokratis},
  journal={Computers \& Security},
  volume={64},
  pages={92--109},
  year={2017},
  publisher={Elsevier}
}
@inproceedings{huang2015openflow,
  title={An OpenFlow-based collaborative intrusion prevention system for cloud networking},
  author={Huang, Nen-Fu and Wang, Chuang and Liao, I-Ju and Lin, Che-Wei and Kao, Chia-Nan},
  booktitle={Communication Software and Networks (ICCSN), 2015 IEEE International Conference on},
  pages={85--92},
  year={2015},
  organization={IEEE}
}
@article{sedjelmaci2015accurate,
  title={An accurate and efficient collaborative intrusion detection framework to secure vehicular networks},
  author={Sedjelmaci, Hichem and Senouci, Sidi Mohammed},
  journal={Computers \& Electrical Engineering},
  volume={43},
  pages={33--47},
  year={2015},
  publisher={Elsevier}
}
@inproceedings{lo2010cooperative,
  title={A cooperative intrusion detection system framework for cloud computing networks},
  author={Lo, Chi-Chun and Huang, Chun-Chieh and Ku, Joy},
  booktitle={Parallel processing workshops (ICPPW), 2010 39th international conference on},
  pages={280--284},
  year={2010},
  organization={IEEE}
}
@article{teng2014cooperative,
  title={A cooperative intrusion detection model for cloud computing networks},
  author={Teng, Shaohua and Zheng, Chaoyu and Zhu, Haibin and Liu, Dongning and Zhang, Wei},
  journal={International Journal of Security and its applications},
  volume={8},
  number={3},
  pages={107--118},
  year={2014}
}
@article{fung2016facid,
  title={FACID: A trust-based collaborative decision framework for intrusion detection networks},
  author={Fung, Carol J and Zhu, Quanyan},
  journal={Ad Hoc Networks},
  volume={53},
  pages={17--31},
  year={2016},
  publisher={Elsevier}
}
@inproceedings{zhu2009game,
  title={A game-theoretical approach to incentive design in collaborative intrusion detection networks},
  author={Zhu, Quanyan and Fung, Carol and Boutaba, Raouf and Basar, Tamer},
  booktitle={Game Theory for Networks, 2009. GameNets' 09. International Conference on},
  pages={384--392},
  year={2009},
  organization={IEEE}
}
@article{zhu2012guidex,
  title={GUIDEX: A game-theoretic incentive-based mechanism for intrusion detection networks},
  author={Zhu, Quanyan and Fung, Carol and Boutaba, Raouf and Basar, Tamer},
  journal={IEEE Journal on Selected Areas in Communications},
  volume={30},
  number={11},
  pages={2220--2230},
  year={2012},
  publisher={IEEE}
}
@inproceedings{fung2014revmatch,
  title={RevMatch: An efficient and robust decision model for collaborative malware detection},
  author={Fung, Carol J and Lam, Disney Y and Boutaba, Raouf},
  booktitle={Network Operations and Management Symposium (NOMS), 2014 IEEE},
  pages={1--9},
  year={2014},
  organization={IEEE}
}
@article{bogomolnaia2002stability,
  title={The stability of hedonic coalition structures},
  author={Bogomolnaia, Anna and Jackson, Matthew O},
  journal={Games and Economic Behavior},
  volume={38},
  number={2},
  pages={201--230},
  year={2002},
  publisher={Elsevier}
}
@article{dreze1980hedonic,
  title={Hedonic coalitions: Optimality and stability},
  author={Dreze, Jacques H and Greenberg, Joseph},
  journal={Econometrica: Journal of the Econometric Society},
  pages={987--1003},
  year={1980},
  publisher={JSTOR}
}
@book{ray2007game,
  title={A game-theoretic perspective on coalition formation},
  author={Ray, Debraj},
  year={2007},
  publisher={Oxford University Press}
}
@article{apt2009generic,
  title={A generic approach to coalition formation},
  author={Apt, Krzysztof R and Witzel, Andreas},
  journal={International Game Theory Review},
  volume={11},
  number={03},
  pages={347--367},
  year={2009},
  publisher={World Scientific}
}
@article{sandholm1999coalition,
  title={Coalition structure generation with worst case guarantees},
  author={Sandholm, Tuomas and Larson, Kate and Andersson, Martin and Shehory, Onn and Tohm{\'e}, Fernando},
  journal={Artificial Intelligence},
  volume={111},
  number={1-2},
  pages={209--238},
  year={1999},
  publisher={Elsevier}
}
@article{dermott2015collaborative,
  title={Collaborative Intrusion Detection in Federated Cloud Environments},
  author={Dermott, {\'A}ineMac and Shi, Qi and Kifayat, Kashif},
  journal={Journal of Computer Sciences and Applications},
  volume={3},
  number={3A},
  pages={10--20},
  year={2015},
  publisher={Science and Education Publishing}
}
@article{shafer1992dempster,
  title={Dempster-shafer theory},
  author={Shafer, Glenn},
  journal={Encyclopedia of artificial intelligence},
  pages={330--331},
  year={1992},
  publisher={John Wiley and Sons New York}
}
@book{sinha1998distributed,
  title={Distributed operating systems: concepts and design},
  author={Sinha, Pradeep K},
  year={1998},
  publisher={PHI Learning Pvt. Ltd.}
}
@book{wooldridge2009introduction,
  title={An introduction to multiagent systems},
  author={Wooldridge, Michael},
  year={2009},
  publisher={John Wiley \& Sons}
}
@book{kshemkalyani2011distributed,
  title={Distributed computing: principles, algorithms, and systems},
  author={Kshemkalyani, Ajay D and Singhal, Mukesh},
  year={2011},
  publisher={Cambridge University Press}
}
@inproceedings{josang2002beta,
  title={The beta reputation system},
  author={Josang, Audun and Ismail, Roslan},
  booktitle={Proceedings of the 15th bled electronic commerce conference},
  volume={5},
  pages={2502--2511},
  year={2002}
}
@article{yahyaoui2012trust,
  title={A trust-based game theoretical model for Web services collaboration},
  author={Yahyaoui, Hamdi},
  journal={Knowledge-Based Systems},
  volume={27},
  pages={162--169},
  year={2012},
  publisher={Elsevier}
}
@inproceedings{yu2002evidential,
  title={An evidential model of distributed reputation management},
  author={Yu, Bin and Singh, Munindar P},
  booktitle={Proceedings of the first international joint conference on Autonomous Agents and Multiagent Systems: Part 1},
  pages={294--301},
  year={2002},
  organization={ACM}
}
@inproceedings{guazzone2014game,
  title={A game-theoretic approach to coalition formation in green cloud federations},
  author={Guazzone, Marco and Anglano, Cosimo and Sereno, Matteo},
  booktitle={Cluster, Cloud and Grid Computing (CCGrid), 2014 14th IEEE/ACM International Symposium on},
  pages={618--625},
  year={2014},
  organization={IEEE}
}
@article{wahab2016towards,
  title={Towards trustworthy multi-cloud services communities: A trust-based hedonic coalitional game},
  author={Wahab, Omar Abdul and Bentahar, Jamal and Otrok, Hadi and Mourad, Azzam},
  journal={IEEE Transactions on Services Computing},
  year={2016},
  publisher={IEEE}
}
@article{wahab2015survey,
  title={A survey on trust and reputation models for Web services: Single, composite, and communities},
  author={Wahab, Omar Abdel and Bentahar, Jamal and Otrok, Hadi and Mourad, Azzam},
  journal={Decision Support Systems},
  volume={74},
  pages={121--134},
  year={2015},
  publisher={Elsevier}
}

@inproceedings{fung2009robust,
  title={Robust and scalable trust management for collaborative intrusion detection},
  author={Fung, Carol J and Zhang, Jie and Aib, Issam and Boutaba, Raouf},
  booktitle={Integrated Network Management, 2009. IM'09. IFIP/IEEE International Symposium on},
  pages={33--40},
  year={2009},
  organization={IEEE}
}
@article{wahab2017optimal,
  title={Optimal Load Distribution for the Detection of VM-based DDoS Attacks in the Cloud},
  author={Wahab, Omar Abdel and Bentahar, Jamal and Otrok, Hadi and Mourad, Azzam},
  journal={IEEE Transactions on Services Computing},
  year={2017},
  publisher={IEEE}
}
@article{modi2013survey,
  title={A survey of intrusion detection techniques in cloud},
  author={Modi, Chirag and Patel, Dhiren and Borisaniya, Bhavesh and Patel, Hiren and Patel, Avi and Rajarajan, Muttukrishnan},
  journal={Journal of Network and Computer Applications},
  volume={36},
  number={1},
  pages={42--57},
  year={2013},
  publisher={Elsevier}
}
@article{fung2011smurfen,
  title={SMURFEN: A knowledge sharing intrusion detection network},
  author={Fung, Carol and Zhu, Quanyan and Boutaba, Raouf and Basar, Tamer},
  journal={Tech. Rep. CS-2011-06, University of Waterloo},
  year={2011}
}
@inproceedings{zhu2011game,
  title={A game-theoretic approach to rule sharing mechanism in networked intrusion detection systems: Robustness, incentives and security},
  author={Zhu, Quanyan and Fung, Carol and Boutaba, Raouf and Ba{\c{s}}ar, Tamer},
  booktitle={Decision and Control and European Control Conference
   (CDC-ECC), 2011 50th IEEE Conference on},
  pages={243--248},
  year={2011},
  organization={IEEE}
}
@book{von2010market,
  title={Market structure and equilibrium},
  author={Von Stackelberg, Heinrich},
  year={2010},
  publisher={Springer Science \& Business Media}
}
